@ONLINE{extremetech:2013:microsoft,
  AUTHOR = {Anthony, Sebastian},
  TITLE = {Microsoft now has one million servers â€“ less than Google, but more than Amazon, says Ballmer},
  YEAR = 2013,
  URL = {http://www.extremetech.com/extreme/161772-microsoft-now-has-one-million-servers-less-than-google-but-more-than-amazon-says-ballmer/},
  URLDATE = {26-03-2014}
}

@ONLINE{nagios,
  AUTHOR = {Nagios},
  TITLE = {Nagios XI Product Page},
  YEAR = 2014,
  URL = {http://www.nagios.com/products/nagiosxi},
  URLDATE = {26-03-2014}
}

@ONLINE{solarwinds,
  AUTHOR = {SolarWinds},
  TITLE = {SolarWinds Application \& Server Monitoring Product Page},
  YEAR = 2014,
  URL = {http://www.solarwinds.com/server-application-monitor.aspx},
  URLDATE = {26-03-2014}
}

@ONLINE{monitorus,
  AUTHOR = {Monitor.us},
  TITLE = {Monitor.us Product Page},
  YEAR = 2014,
  URL = {http://www.monitor.us},
  URLDATE = {26-03-2014}
}