
@book{Dissertation,
  author    = "Team M", 
  title     = "Performance Monitoring Using Websockets", 
  publisher = "University Of Glasgow", 
  year      = "2014"
}

